@inproceedings{parish2001procedural,
  title={Procedural modeling of cities},
  author={Parish, Yoav IH and M{\"u}ller, Pascal},
  booktitle={Proceedings of the 28th annual conference on Computer graphics and interactive techniques},
  pages={301--308},
  year={2001}
}

@article{kelly2006survey,
  title={A survey of procedural techniques for city generation},
  author={Kelly, George and McCabe, Hugh},
  journal={ITB Journal},
  volume={14},
  number={3},
  pages={342--351},
  year={2006},
  publisher={Citeseer}
}

@inproceedings{de2011survey,
  title={A survey of procedural content generation techniques suitable to game development},
  author={De Carli, Daniel Michelon and Bevilacqua, Fernando and Pozzer, Cesar Tadeu and d'Ornellas, Marcos Cordeiro},
  booktitle={2011 Brazilian Symposium on Games and Digital Entertainment},
  pages={26--35},
  year={2011},
  organization={IEEE}
}

@inproceedings{galin2010procedural,
  title={Procedural generation of roads},
  author={Galin, Eric and Peytavie, Adrien and Mar{\'e}chal, Nicolas and Gu{\'e}rin, Eric},
  booktitle={Computer Graphics Forum},
  volume={29},
  number={2},
  pages={429--438},
  year={2010},
  organization={Wiley Online Library}
}